%-------------------------------------------------------------------------------
%	REPLACE WITH YOUR PUBLICATIONS
%-------------------------------------------------------------------------------
@thesis{loper2018sprache,
  title={\href{https://publikationen.bibliothek.kit.edu/1000098203}{Eine Sprache f{\"u}r die Spezifikation disziplin{\"u}bergreifender {\"A}nderungsausbreitungsregeln \entrypositionstyle{[German Bachelor's Thesis]}}},
  author={L{\"o}per, Martin},
  location={Karlsruhe Institute of Technology},
  year={2018},
  howpublished={Translated by Busch in \href{https://publikationen.bibliothek.kit.edu/1000098183/62335551}{``An Architecture-based Approach for Change Impact Analysis of Software-intensive Systems", Ch. 9} \entrypositionstyle{[doctoral dissertation]}}}
}

@inproceedings{busch2018cross,
  title={\href{https://ieeexplore.ieee.org/abstract/document/8560364/}{A cross-disciplinary language for change propagation rules \entrypositionstyle{[IEEE Conference Proceedings Paper]}}},
  author={Busch, Kiana and Werle, Dominik and L{\"o}per, Martin and Heinrich, Robert and Reussner, Ralf and Vogel-Heuser, Birgit},
  booktitle={2018 IEEE 14th International Conference on Automation Science and Engineering (CASE)},
  pages={1099--1104},
  year={2018},
  organization={IEEE}
}
